[gd_scene load_steps=6 format=2]

[ext_resource path="res://world/bush_3.png" type="Texture" id=1]
[ext_resource path="res://world/bush_3.gd" type="Script" id=2]
[ext_resource path="res://hit-hurtboxes/Hurtbox.tscn" type="PackedScene" id=3]

[sub_resource type="RectangleShape2D" id=1]
extents = Vector2( 8, 8 )

[sub_resource type="RectangleShape2D" id=2]
extents = Vector2( 8, 8 )

[node name="bush_3" type="Node2D"]
script = ExtResource( 2 )

[node name="bush_3" type="Sprite" parent="."]
texture = ExtResource( 1 )
offset = Vector2( 0, 2 )

[node name="Hit_Hurtbox" parent="." instance=ExtResource( 3 )]
collision_layer = 8

[node name="CollisionShape2D" parent="Hit_Hurtbox" index="0"]
position = Vector2( 2, 2 )
shape = SubResource( 1 )

[node name="Accion_Hurtbox" parent="." instance=ExtResource( 3 )]
collision_layer = 16

[node name="CollisionShape2D" parent="Accion_Hurtbox" index="0"]
position = Vector2( 2, 2 )
shape = SubResource( 2 )

[connection signal="area_entered" from="Hit_Hurtbox" to="." method="_on_Hit_Hurtbox_area_entered"]
[connection signal="area_entered" from="Accion_Hurtbox" to="." method="_on_Accion_Hurtbox_area_entered"]

[editable path="Hit_Hurtbox"]
[editable path="Accion_Hurtbox"]
