[gd_scene load_steps=12 format=2]

[ext_resource path="res://player/cuasi_sprtsht.png" type="Texture" id=1]
[ext_resource path="res://effects/Effect.gd" type="Script" id=2]

[sub_resource type="AtlasTexture" id=10]
atlas = ExtResource( 1 )
region = Rect2( 1792, 0, 32, 32 )

[sub_resource type="AtlasTexture" id=14]
atlas = ExtResource( 1 )
region = Rect2( 1728, 0, 32, 32 )

[sub_resource type="AtlasTexture" id=15]
atlas = ExtResource( 1 )
region = Rect2( 1760, 0, 32, 32 )

[sub_resource type="AtlasTexture" id=16]
atlas = ExtResource( 1 )
region = Rect2( 1792, 0, 32, 32 )

[sub_resource type="AtlasTexture" id=17]
atlas = ExtResource( 1 )
region = Rect2( 1824, 0, 32, 32 )

[sub_resource type="AtlasTexture" id=11]
atlas = ExtResource( 1 )
region = Rect2( 1760, 0, 32, 32 )

[sub_resource type="AtlasTexture" id=12]
atlas = ExtResource( 1 )
region = Rect2( 1824, 0, 32, 32 )

[sub_resource type="AtlasTexture" id=13]
atlas = ExtResource( 1 )
region = Rect2( 1728, 0, 32, 32 )

[sub_resource type="SpriteFrames" id=9]
animations = [ {
"frames": [ SubResource( 10 ) ],
"loop": false,
"name": "dead_up",
"speed": 5.0
}, {
"frames": [ SubResource( 14 ), SubResource( 15 ), SubResource( 16 ), SubResource( 17 ) ],
"loop": true,
"name": "Animate",
"speed": 5.0
}, {
"frames": [ SubResource( 11 ) ],
"loop": false,
"name": "dead_left",
"speed": 5.0
}, {
"frames": [ SubResource( 12 ) ],
"loop": false,
"name": "dead_right",
"speed": 5.0
}, {
"frames": [ SubResource( 13 ) ],
"loop": false,
"name": "dead_down",
"speed": 5.0
} ]

[node name="enemy_hit_effect" type="AnimatedSprite"]
frames = SubResource( 9 )
animation = "Animate"
script = ExtResource( 2 )
