[gd_scene load_steps=12 format=2]

[ext_resource path="res://effects/Effect.gd" type="Script" id=1]
[ext_resource path="res://player/cuasi_sprtsht.png" type="Texture" id=2]

[sub_resource type="AtlasTexture" id=1]
atlas = ExtResource( 2 )
region = Rect2( 1664, 0, 32, 32 )

[sub_resource type="AtlasTexture" id=2]
atlas = ExtResource( 2 )
region = Rect2( 1696, 0, 32, 32 )

[sub_resource type="AtlasTexture" id=7]
atlas = ExtResource( 2 )
region = Rect2( 1600, 0, 32, 32 )

[sub_resource type="AtlasTexture" id=8]
atlas = ExtResource( 2 )
region = Rect2( 1632, 0, 32, 32 )

[sub_resource type="AtlasTexture" id=5]
atlas = ExtResource( 2 )
region = Rect2( 1536, 0, 32, 32 )

[sub_resource type="AtlasTexture" id=6]
atlas = ExtResource( 2 )
region = Rect2( 1568, 0, 32, 32 )

[sub_resource type="AtlasTexture" id=3]
atlas = ExtResource( 2 )
region = Rect2( 1472, 0, 32, 32 )

[sub_resource type="AtlasTexture" id=4]
atlas = ExtResource( 2 )
region = Rect2( 1504, 0, 32, 32 )

[sub_resource type="SpriteFrames" id=9]
animations = [ {
"frames": [ SubResource( 1 ), SubResource( 2 ) ],
"loop": true,
"name": "hit_left",
"speed": 5.0
}, {
"frames": [ SubResource( 7 ), SubResource( 8 ) ],
"loop": true,
"name": "hit_up",
"speed": 15.0
}, {
"frames": [ SubResource( 5 ), SubResource( 6 ) ],
"loop": true,
"name": "hit_right",
"speed": 5.0
}, {
"frames": [ SubResource( 3 ), SubResource( 4 ) ],
"loop": true,
"name": "hit_down",
"speed": 10.0
} ]

[node name="enemy_hit_effect" type="AnimatedSprite"]
frames = SubResource( 9 )
animation = "hit_down"
playing = true
flip_h = true
script = ExtResource( 1 )
